<record><leader>00000cas a2200000 i 4500</leader><controlfield tag="001">11390741</controlfield><controlfield tag="008">841115d186u186uwiuwr ne      0    0eng c</controlfield><datafield ind1=" " ind2=" " tag="010"><subfield code="a">sn 84025574 </subfield></datafield><datafield ind1=" " ind2=" " tag="040"><subfield code="a">NPV</subfield><subfield code="b">eng</subfield><subfield code="e">rda</subfield><subfield code="c">NPV</subfield><subfield code="d">OCLCQ</subfield><subfield code="d">IUL</subfield><subfield code="d">OCLCQ</subfield><subfield code="d">OCLCF</subfield><subfield code="d">OCLCA</subfield></datafield><datafield ind1="1" ind2=" " tag="029"><subfield code="a">AU@</subfield><subfield code="b">000025835914</subfield></datafield><datafield ind1=" " ind2=" " tag="042"><subfield code="a">pcc</subfield></datafield><datafield ind1=" " ind2=" " tag="043"><subfield code="a">n-us-wi</subfield></datafield><datafield ind1=" " ind2=" " tag="045"><subfield code="a">w6w6</subfield></datafield><datafield ind1=" " ind2=" " tag="052"><subfield code="a">4123</subfield><subfield code="b">F6</subfield></datafield><datafield ind1="0" ind2=" " tag="130"><subfield code="a">Press (Fond du Lac, Wis. : 186u)</subfield></datafield><datafield ind1="1" ind2="4" tag="245"><subfield code="a">The press.</subfield></datafield><datafield ind1="1" ind2="7" tag="246"><subfield code="a">Weekly press</subfield></datafield><datafield ind1=" " ind2="1" tag="264"><subfield code="a">Fond du Lac, Wisconsin :</subfield><subfield code="b">[publisher not identified]</subfield></datafield><datafield ind1=" " ind2=" " tag="300"><subfield code="a">volumes</subfield></datafield><datafield ind1=" " ind2=" " tag="310"><subfield code="a">Weekly</subfield></datafield><datafield ind1=" " ind2=" " tag="336"><subfield code="a">text</subfield><subfield code="b">txt</subfield><subfield code="2">rdacontent</subfield></datafield><datafield ind1=" " ind2=" " tag="337"><subfield code="a">unmediated</subfield><subfield code="b">n</subfield><subfield code="2">rdamedia</subfield></datafield><datafield ind1=" " ind2=" " tag="338"><subfield code="a">volume</subfield><subfield code="b">nc</subfield><subfield code="2">rdacarrier</subfield></datafield><datafield ind1=" " ind2=" " tag="580"><subfield code="a">Published in weekly ed. with title: Daily Fond du Lac press.</subfield></datafield><datafield ind1=" " ind2=" " tag="588"><subfield code="a">Description based on: New series, vol. V, no. 237 (July 19, 1866) = old series number 1037; title from masthead, America's Historical Newspapers (viewed September 19, 2017).</subfield></datafield><datafield ind1=" " ind2="0" tag="651"><subfield code="a">Fond du Lac (Wis.)</subfield><subfield code="v">Newspapers.</subfield></datafield><datafield ind1=" " ind2="0" tag="651"><subfield code="a">Fond du Lac County (Wis.)</subfield><subfield code="v">Newspapers.</subfield></datafield><datafield ind1=" " ind2="7" tag="651"><subfield code="a">Wisconsin</subfield><subfield code="z">Fond du Lac.</subfield><subfield code="2">fast</subfield><subfield code="0">(OCoLC)fst01202767</subfield></datafield><datafield ind1=" " ind2="7" tag="651"><subfield code="a">Wisconsin</subfield><subfield code="z">Fond du Lac County.</subfield><subfield code="2">fast</subfield><subfield code="0">(OCoLC)fst01212939</subfield></datafield><datafield ind1=" " ind2="7" tag="655"><subfield code="a">Newspapers.</subfield><subfield code="2">fast</subfield><subfield code="0">(OCoLC)fst01423814</subfield></datafield><datafield ind1=" " ind2=" " tag="752"><subfield code="a">United States</subfield><subfield code="b">Wisconsin</subfield><subfield code="c">Fond du Lac</subfield><subfield code="d">Fond du Lac.</subfield></datafield><datafield ind1="1" ind2=" " tag="775"><subfield code="t">Daily Fond du Lac press</subfield><subfield code="w">(DLC)sn 84025573</subfield><subfield code="w">(OCoLC)11390056</subfield></datafield><datafield ind1="4" ind2="1" tag="856"><subfield code="u">http://infoweb.newsbank.com/?db=EANX&amp;s_browseRef=decades/1362815590DB70B7/all.xml</subfield></datafield></record>